@misc{agilemodeling,
  author = {agilemodeling},
  title = {{Initial Architecture modeling}},
  howpublished = "\url{http://agilemodeling.com/essays/initialArchitectureModeling.htm}",
  year = {2004}, 
  note = "[Online; accessed 24-April-2014]"
}
@misc{valueofmodeling,
  author = {agilemodeling},
  title = {{Value of modeling}},
  howpublished = "\url{http://agilemodeling.com/images/valueOfModeling.jpg}",
  year = {2005}, 
  note = "[Online; accessed 24-April-2014]"
}
@misc{website:graphdb,
      author = "Chao Chen, Bryce Richards, Meng Wang, Alfred Zhong",
      title = "Graph Databases",
      month = "April",
      year = "2014",
      howpublished = "\url{http://cs.brown.edu/courses/cs227/slides/graph.pdf}",
      note = "[Online; accessed 24-April-2014]"
}